<record><leader>00000cas a22000007a 4500</leader><controlfield tag="001">14368143</controlfield><controlfield tag="008">861009d19281930nvuwr ne      0    0eng d</controlfield><datafield ind1=" " ind2=" " tag="010"><subfield code="a">sn 86076407 </subfield></datafield><datafield ind1=" " ind2=" " tag="040"><subfield code="a">NNX</subfield><subfield code="b">eng</subfield><subfield code="c">NNX</subfield><subfield code="d">OCLCQ</subfield></datafield><datafield ind1=" " ind2=" " tag="042"><subfield code="a">msc</subfield></datafield><datafield ind1="0" ind2="4" tag="245"><subfield code="a">The Western Nevada miner and Mineral county news.</subfield></datafield><datafield ind1=" " ind2=" " tag="260"><subfield code="a">Mina, Nev. :</subfield><subfield code="b">F.W. Egelston,</subfield><subfield code="c">1928-1930.</subfield></datafield><datafield ind1=" " ind2=" " tag="300"><subfield code="a">4 v. :</subfield><subfield code="b">ill.</subfield></datafield><datafield ind1=" " ind2=" " tag="310"><subfield code="a">Weekly</subfield></datafield><datafield ind1="0" ind2=" " tag="362"><subfield code="a">Vol. 1, no. 9 = vol. 21, no. 47 (Nov. 2, 1928)-v. 24, no. 1 (Dec. 12, 1930).</subfield></datafield><datafield ind1=" " ind2=" " tag="515"><subfield code="a">Numbering for Mineral county news dropped Jan. 10, 1930.</subfield></datafield><datafield ind1=" " ind2=" " tag="580"><subfield code="a">Formed by the merger of: Mineral county news (nonextant) and: Western Nevada miner.</subfield></datafield><datafield ind1=" " ind2=" " tag="752"><subfield code="a">United States</subfield><subfield code="b">Nevada</subfield><subfield code="c">Mineral</subfield><subfield code="d">Mina.</subfield></datafield><datafield ind1="1" ind2="4" tag="780"><subfield code="t">Mineral county news</subfield></datafield><datafield ind1="1" ind2="4" tag="780"><subfield code="t">Western Nevada miner</subfield><subfield code="w">(DLC)sn 86076406</subfield><subfield code="w">(OCoLC)14368073</subfield></datafield></record>